<?xml version="1.0" encoding="UTF-8"?><collection xmlns="http://www.loc.gov/MARC21/slim"><record><leader>00426nam--2200133-i-4500</leader><controlfield tag="001">000022002</controlfield><controlfield tag="002">20161230</controlfield><controlfield tag="005">20161230201034</controlfield><controlfield tag="008">060222s1000------------r-----000-0-eng-d</controlfield><datafield ind1=" " ind2=" " tag="100"><subfield code="a">Jammet, H., Hercik, F</subfield></datafield><datafield ind1=" " ind2=" " tag="245"><subfield code="a">Poradnik bezpieczenstwa pracy z izotopami promieniotworczymi. dodatek dla lekarzy</subfield></datafield><datafield ind1=" " ind2=" " tag="260"><subfield code="a">Warszawa, Osrodek Informacji, 1961, 95 P</subfield></datafield><datafield ind1=" " ind2=" " tag="490"><subfield code="a">Safe Handling Of Radioisotopes Medical Addenda</subfield></datafield><datafield ind1=" " ind2=" " tag="852"><subfield code="a">7784</subfield></datafield></record></collection>